@article{holliman2011three,
  title={Three-dimensional displays: a review and applications analysis},
  author={Holliman, Nicolas S and Dodgson, Neil A and Favalora, Gregg E and Pockett, Lachlan},
  journal={Broadcasting, IEEE Transactions on},
  volume={57},
  number={2},
  pages={362--371},
  year={2011},
  publisher={IEEE}
}

@article{pimenta2012comprehensive,
  title={A Comprehensive Taxonomy for Three-dimensional Displays},
  author={Pimenta, Waldir and Santos, Lu{\i}s Paulo},
  journal={WSCG 2012 Communication Proceedings},
  pages={139--146},
  year={2012}
}

@article{mehrabi2013making,
  title={Making 3D Work: A Classification of Visual Depth Cues, 3D Display Technologies and Their Applications},
  author={Mehrabi, Mostafa and Peek, Edward M and Wuensche, Burkhard C and Lutteroth, Christof},
  year={2013}
}

@article{kim2012frontal,
  title={A frontal projection-type three-dimensional display},
  author={Kim, Youngmin and Hong, Keehoon and Yeom, Jiwoon and Hong, Jisoo and Jung, Jae-Hyun and Lee, Yong Wook and Park, Jae-Hyeung and Lee, Byoungho},
  journal={Opt. Express},
  volume={18},
  number={20},
  pages={20130--20138},
  year={2012}
}